@article{aminikhanghahi2017,
	Abstract = {Change points are abrupt variations in time series data. Such abrupt changes may represent transitions that occur between states. Detection of change points is useful in modelling and prediction of time series and is found in application areas such as medical condition monitoring, climate change detection, speech and image analysis, and human activity analysis. This survey article enumerates, categorizes, and compares many of the methods that have been proposed to detect change points in time series. The methods examined include both supervised and unsupervised algorithms that have been introduced and evaluated. We introduce several criteria to compare the algorithms. Finally, we present some grand challenges for the community to consider.},
	Author = {Aminikhanghahi, Samaneh and Cook, Diane J.},
	Da = {2017/05/01},
	Date-Added = {2020-05-21 15:58:50 -0400},
	Date-Modified = {2020-05-21 15:58:50 -0400},
	Doi = {10.1007/s10115-016-0987-z},
	Id = {Aminikhanghahi2017},
	Isbn = {0219-3116},
	Journal = {Knowledge and Information Systems},
	Number = {2},
	Pages = {339--367},
	Title = {A survey of methods for time series change point detection},
	Ty = {JOUR},
	Url = {https://doi.org/10.1007/s10115-016-0987-z},
	Volume = {51},
	Year = {2017},
	Bdsk-Url-1 = {https://doi.org/10.1007/s10115-016-0987-z}}

@ARTICLE{anglada2012,
       author = {{Anglada-Escud{\'e}}, Guillem and {Butler}, R. Paul},
        title = "{The HARPS-TERRA Project. I. Description of the Algorithms, Performance, and New Measurements on a Few Remarkable Stars Observed by HARPS}",
      journal = {\apjs},
     keywords = {methods: data analysis, planetary systems, stars: individual: Tau Ceti HD 85512 Barnard's star Proxima Kapteyn's star GJ676A Epsilon Eridani HD 69830, techniques: radial velocities, Astrophysics - Earth and Planetary Astrophysics, Astrophysics - Instrumentation and Methods for Astrophysics, Astrophysics - Solar and Stellar Astrophysics},
         year = "2012",
        month = "Jun",
       volume = {200},
       number = {2},
          eid = {15},
        pages = {15},
          doi = {10.1088/0067-0049/200/2/15},
archivePrefix = {arXiv},
       eprint = {1202.2570},
 primaryClass = {astro-ph.EP},
       adsurl = {https://ui.adsabs.harvard.edu/abs/2012ApJS..200...15A},
      adsnote = {Provided by the SAO/NASA Astrophysics Data System}
}

@article{astropy:2013,
Adsnote = {Provided by the SAO/NASA Astrophysics Data System},
Adsurl = {http://adsabs.harvard.edu/abs/2013A%26A...558A..33A},
Archiveprefix = {arXiv},
Author = {{Astropy Collaboration} and {Robitaille}, T.~P. and {Tollerud}, E.~J. and {Greenfield}, P. and {Droettboom}, M. and {Bray}, E. and {Aldcroft}, T. and {Davis}, M. and {Ginsburg}, A. and {Price-Whelan}, A.~M. and {Kerzendorf}, W.~E. and {Conley}, A. and {Crighton}, N. and {Barbary}, K. and {Muna}, D. and {Ferguson}, H. and {Grollier}, F. and {Parikh}, M.~M. and {Nair}, P.~H. and {Unther}, H.~M. and {Deil}, C. and {Woillez}, J. and {Conseil}, S. and {Kramer}, R. and {Turner}, J.~E.~H. and {Singer}, L. and {Fox}, R. and {Weaver}, B.~A. and {Zabalza}, V. and {Edwards}, Z.~I. and {Azalee Bostroem}, K. and {Burke}, D.~J. and {Casey}, A.~R. and {Crawford}, S.~M. and {Dencheva}, N. and {Ely}, J. and {Jenness}, T. and {Labrie}, K. and {Lim}, P.~L. and {Pierfederici}, F. and {Pontzen}, A. and {Ptak}, A. and {Refsdal}, B. and {Servillat}, M. and {Streicher}, O.},
Doi = {10.1051/0004-6361/201322068},
Eid = {A33},
Eprint = {1307.6212},
Journal = {\aap},
Keywords = {methods: data analysis, methods: miscellaneous, virtual observatory tools},
Month = oct,
Pages = {A33},
Primaryclass = {astro-ph.IM},
Title = {{Astropy: A community Python package for astronomy}},
Volume = 558,
Year = 2013,
Bdsk-Url-1 = {https://dx.doi.org/10.1051/0004-6361/201322068}}

@article{astropy:2018,
Adsnote = {Provided by the SAO/NASA Astrophysics Data System},
Adsurl = {https://ui.adsabs.harvard.edu/#abs/2018AJ....156..123T},
Author = {{Price-Whelan}, A.~M. and {Sip{\H{o}}cz}, B.~M. and {G{\"u}nther}, H.~M. and {Lim}, P.~L. and {Crawford}, S.~M. and {Conseil}, S. and {Shupe}, D.~L. and {Craig}, M.~W. and {Dencheva}, N. and {Ginsburg}, A. and {VanderPlas}, J.~T. and {Bradley}, L.~D. and {P{\'e}rez-Su{\'a}rez}, D. and {de Val-Borro}, M. and {Paper Contributors}, (Primary and {Aldcroft}, T.~L. and {Cruz}, K.~L. and {Robitaille}, T.~P. and {Tollerud}, E.~J. and {Coordination Committee}, (Astropy and {Ardelean}, C. and {Babej}, T. and {Bach}, Y.~P. and {Bachetti}, M. and {Bakanov}, A.~V. and {Bamford}, S.~P. and {Barentsen}, G. and {Barmby}, P. and {Baumbach}, A. and {Berry}, K.~L. and {Biscani}, F. and {Boquien}, M. and {Bostroem}, K.~A. and {Bouma}, L.~G. and {Brammer}, G.~B. and {Bray}, E.~M. and {Breytenbach}, H. and {Buddelmeijer}, H. and {Burke}, D.~J. and {Calderone}, G. and {Cano Rodr{\'\i}guez}, J.~L. and {Cara}, M. and {Cardoso}, J.~V.~M. and {Cheedella}, S. and {Copin}, Y. and {Corrales}, L. and {Crichton}, D. and {D{\textquoteright}Avella}, D. and {Deil}, C. and {Depagne}, {\'E}. and {Dietrich}, J.~P. and {Donath}, A. and {Droettboom}, M. and {Earl}, N. and {Erben}, T. and {Fabbro}, S. and {Ferreira}, L.~A. and {Finethy}, T. and {Fox}, R.~T. and {Garrison}, L.~H. and {Gibbons}, S.~L.~J. and {Goldstein}, D.~A. and {Gommers}, R. and {Greco}, J.~P. and {Greenfield}, P. and {Groener}, A.~M. and {Grollier}, F. and {Hagen}, A. and {Hirst}, P. and {Homeier}, D. and {Horton}, A.~J. and {Hosseinzadeh}, G. and {Hu}, L. and {Hunkeler}, J.~S. and {Ivezi{\'c}}, {\v{Z}}. and {Jain}, A. and {Jenness}, T. and {Kanarek}, G. and {Kendrew}, S. and {Kern}, N.~S. and {Kerzendorf}, W.~E. and {Khvalko}, A. and {King}, J. and {Kirkby}, D. and {Kulkarni}, A.~M. and {Kumar}, A. and {Lee}, A. and {Lenz}, D. and {Littlefair}, S.~P. and {Ma}, Z. and {Macleod}, D.~M. and {Mastropietro}, M. and {McCully}, C. and {Montagnac}, S. and {Morris}, B.~M. and {Mueller}, M. and {Mumford}, S.~J. and {Muna}, D. and {Murphy}, N.~A. and {Nelson}, S. and {Nguyen}, G.~H. and {Ninan}, J.~P. and {N{\"o}the}, M. and {Ogaz}, S. and {Oh}, S. and {Parejko}, J.~K. and {Parley}, N. and {Pascual}, S. and {Patil}, R. and {Patil}, A.~A. and {Plunkett}, A.~L. and {Prochaska}, J.~X. and {Rastogi}, T. and {Reddy Janga}, V. and {Sabater}, J. and {Sakurikar}, P. and {Seifert}, M. and {Sherbert}, L.~E. and {Sherwood-Taylor}, H. and {Shih}, A.~Y. and {Sick}, J. and {Silbiger}, M.~T. and {Singanamalla}, S. and {Singer}, L.~P. and {Sladen}, P.~H. and {Sooley}, K.~A. and {Sornarajah}, S. and {Streicher}, O. and {Teuben}, P. and {Thomas}, S.~W. and {Tremblay}, G.~R. and {Turner}, J.~E.~H. and {Terr{\'o}n}, V. and {van Kerkwijk}, M.~H. and {de la Vega}, A. and {Watkins}, L.~L. and {Weaver}, B.~A. and {Whitmore}, J.~B. and {Woillez}, J. and {Zabalza}, V. and {Contributors}, (Astropy},
Doi = {10.3847/1538-3881/aabc4f},
Eid = {123},
Journal = {\aj},
Keywords = {methods: data analysis, methods: miscellaneous, methods: statistical, reference systems, Astrophysics - Instrumentation and Methods for Astrophysics},
Month = Sep,
Pages = {123},
Primaryclass = {astro-ph.IM},
Title = {{The Astropy Project: Building an Open-science Project and Status of the v2.0 Core Package}},
Volume = {156},
Year = 2018,
Bdsk-Url-1 = {https://doi.org/10.3847/1538-3881/aabc4f}}

@ARTICLE{baranne1979,
   author = {{Baranne}, A. and {Mayor}, M. and {Poncet}, J.~L.},
    title = "{CORAVEL - A new tool for radial velocity measurements}",
  journal = {Vistas in Astronomy},
 keywords = {Radial Velocity, Spectrophotometers, Stellar Spectrophotometry, Velocity Measurement, Cross Correlation, Design Analysis, Echelle Gratings, Focal Plane Devices, Gratings (Spectra), Light Transmission, Metallic Stars, Optical Properties, Probability Distribution Functions, Spatial Filtering, Stellar Rotation, Stellar Spectra, Temperature Effects},
     year = 1979,
   volume = 23,
    pages = {279-316},
      doi = {10.1016/0083-6656(79)90016-3},
   adsurl = {http://adsabs.harvard.edu/abs/1979VA.....23..279B},
  adsnote = {Provided by the SAO/NASA Astrophysics Data System}
}

@ARTICLE{bedell2019,
	doi = {10.3847/1538-3881/ab40a7},
	url = {https://doi.org/10.3847%2F1538-3881%2Fab40a7},
	year = 2019,
	month = {sep},
	publisher = {American Astronomical Society},
	volume = {158},
	number = {4},
	pages = {164},
	author = {Megan Bedell and David W. Hogg and Daniel Foreman-Mackey and Benjamin T. Montet and Rodrigo Luger},
	title = {{WOBBLE}: A Data-driven Analysis Technique for Time-series Stellar Spectra},
	journal = {The Astronomical Journal},
}

@article{blackman2017,
	title = {Accounting for {Chromatic} {Atmospheric} {Effects} on {Barycentric} {Corrections}},
	volume = {837},
	issn = {0004-637X},
	url = {http://adsabs.harvard.edu/abs/2017ApJ...837...18B},
	doi = {10.3847/1538-4357/aa5ead},
	urldate = {2017-07-24},
	journal = {The Astrophysical Journal},
	author = {Blackman, Ryan T. and Szymkowiak, Andrew E. and Fischer, Debra A. and Jurgenson, Colby A.},
	month = mar,
	year = {2017},
	keywords = {instrumentation: spectrographs, techniques: radial velocities},
	pages = {18},
	file = {NASA/ADS Full Text PDF:/home/joel/.Zotero/storage/FW9HITCI/Blackman et al. - 2017 - Accounting for Chromatic Atmospheric Effects on Ba.pdf:application/pdf}
}

@ARTICLE{blackman2019,
       author = {{Blackman}, Ryan T. and {Ong}, J.~M. Joel and {Fischer}, Debra A.},
        title = "{The Measured Impact of Chromatic Atmospheric Effects on Barycentric Corrections: Results from the EXtreme PREcision Spectrograph}",
      journal = {\aj},
     keywords = {atmospheric effects, instrumentation: spectrographs, techniques: radial velocities, Astrophysics - Earth and Planetary Astrophysics, Astrophysics - Instrumentation and Methods for Astrophysics},
         year = "2019",
        month = "Jul",
       volume = {158},
       number = {1},
          eid = {40},
        pages = {40},
          doi = {10.3847/1538-3881/ab24c3},
        archivePrefix = {arXiv},
       eprint = {1906.01653},
        primaryClass = {astro-ph.EP},
       adsurl = {https://ui.adsabs.harvard.edu/abs/2019AJ....158...40B},
      adsnote = {Provided by the SAO/NASA Astrophysics Data System}
}

@ARTICLE{blackman2020,
       author = {{Blackman}, Ryan T. and {Fischer}, Debra A. and {Jurgenson}, Colby A. and
         {Sawyer}, David and {McCracken}, Tyler M. and {Szymkowiak}, Andrew E. and
         {Petersburg}, Ryan R. and {Ong}, J.~M. Joel and {Brewer}, John M. and
         {Zhao}, Lily L. and {Leet}, Christopher and {Buchhave}, Lars A. and
         {Tronsgaard}, Ren{\'e} and {Llama}, Joe and {Sawyer}, Travis and
         {Davis}, Allen B. and {Cabot}, Samuel H.~C. and {Shao}, Michael and
         {Trahan}, Russell and {Nemati}, Bijan and {Genoni}, Matteo and
         {Pariani}, Giorgio and {Riva}, Marco and {Probst}, Rafael A. and
         {Holzwarth}, Ronald and {Steinmetz}, Tilo and {Fournier}, Paul and
         {Pawluczyk}, Rafal},
        title = "{Performance Verification of the EXtreme PREcision Spectrograph}",
      journal = {arXiv e-prints},
     keywords = {Astrophysics - Instrumentation and Methods for Astrophysics, Astrophysics - Earth and Planetary Astrophysics, Astrophysics - Solar and Stellar Astrophysics},
         year = 2020,
        month = mar,
          eid = {arXiv:2003.08852},
        pages = {arXiv:2003.08852},
archivePrefix = {arXiv},
       eprint = {2003.08852},
 primaryClass = {astro-ph.IM},
       adsurl = {https://ui.adsabs.harvard.edu/abs/2020arXiv200308852B},
      adsnote = {Provided by the SAO/NASA Astrophysics Data System}
}

@ARTICLE{bolton2010,
       author = {{Bolton}, Adam S. and {Schlegel}, David J.},
        title = "{Spectro-Perfectionism: An Algorithmic Framework for Photon Noise-Limited Extraction of Optical Fiber Spectroscopy}",
      journal = {\pasp},
     keywords = {Astrophysics - Instrumentation and Methods for Astrophysics, Astrophysics - Cosmology and Nongalactic Astrophysics},
         year = "2010",
        month = "Feb",
       volume = {122},
       number = {888},
        pages = {248},
          doi = {10.1086/651008},
archivePrefix = {arXiv},
       eprint = {0911.2689},
 primaryClass = {astro-ph.IM},
       adsurl = {https://ui.adsabs.harvard.edu/abs/2010PASP..122..248B},
      adsnote = {Provided by the SAO/NASA Astrophysics Data System}
}

@ARTICLE{bonfils2013,
       author = {{Bonfils}, X. and {Delfosse}, X. and {Udry}, S. and {Forveille}, T. and
         {Mayor}, M. and {Perrier}, C. and {Bouchy}, F. and {Gillon}, M. and
         {Lovis}, C. and {Pepe}, F. and {Queloz}, D. and {Santos}, N.~C. and
         {S{\'e}gransan}, D. and {Bertaux}, J. -L.},
        title = "{The HARPS search for southern extra-solar planets. XXXI. The M-dwarf sample}",
      journal = {\aap},
     keywords = {planetary systems, techniques: radial velocities, methods: data analysis, Astrophysics - Earth and Planetary Astrophysics},
         year = 2013,
        month = jan,
       volume = {549},
          eid = {A109},
        pages = {A109},
          doi = {10.1051/0004-6361/201014704},
archivePrefix = {arXiv},
       eprint = {1111.5019},
 primaryClass = {astro-ph.EP},
       adsurl = {https://ui.adsabs.harvard.edu/abs/2013A&A...549A.109B},
      adsnote = {Provided by the SAO/NASA Astrophysics Data System}
}

@ARTICLE{bourrier2018,
   author = {{Bourrier}, V. and {Dumusque}, X. and {Dorn}, C. and {Henry}, G.~W. and 
	{Astudillo-Defru}, N. and {Rey}, J. and {Benneke}, B. and {H{\'e}brard}, G. and 
	{Lovis}, C. and {Demory}, B.~O. and {Moutou}, C. and {Ehrenreich}, D.
	},
    title = "{The 55 Cancri system reassessed}",
  journal = {\aap},
 archivePrefix = "arXiv",
   eprint = {1807.04301},
 primaryClass = "astro-ph.EP",
 keywords = {stars: individual: 55 Cnc, planets and satellites: fundamental parameters, planets and satellites: interiors, stars: activity, techniques: radial velocities, techniques: photometric},
     year = 2018,
    month = oct,
   volume = 619,
      eid = {A1},
    pages = {A1},
      doi = {10.1051/0004-6361/201833154},
   adsurl = {http://adsabs.harvard.edu/abs/2018A%26A...619A...1B},
  adsnote = {Provided by the SAO/NASA Astrophysics Data System}
}

@ARTICLE{brahm2017,
   author = {{Brahm}, R. and {Jord{\'a}n}, A. and {Espinoza}, N.},
    title = "{CERES: A Set of Automated Routines for Echelle Spectra}",
  journal = {\pasp},
 archivePrefix = "arXiv",
   eprint = {1609.02279},
 primaryClass = "astro-ph.IM",
     year = 2017,
    month = mar,
   volume = 129,
   number = 3,
    pages = {034002},
      doi = {10.1088/1538-3873/aa5455},
   adsurl = {http://adsabs.harvard.edu/abs/2017PASP..129c4002B},
  adsnote = {Provided by the SAO/NASA Astrophysics Data System}
}

@ARTICLE{brewer2016,
       author = {{Brewer}, John M. and {Fischer}, Debra A. and {Valenti}, Jeff A. and
         {Piskunov}, Nikolai},
        title = "{Spectral Properties of Cool Stars: Extended Abundance Analysis of 1,617 Planet-search Stars}",
      journal = {\apjs},
     keywords = {catalogs, methods: data analysis, stars: abundances, stars: fundamental parameters, stars: solar type, techniques: spectroscopic, Astrophysics - Solar and Stellar Astrophysics},
         year = 2016,
        month = aug,
       volume = {225},
       number = {2},
          eid = {32},
        pages = {32},
          doi = {10.3847/0067-0049/225/2/32},
archivePrefix = {arXiv},
       eprint = {1606.07929},
 primaryClass = {astro-ph.SR},
       adsurl = {https://ui.adsabs.harvard.edu/abs/2016ApJS..225...32B},
      adsnote = {Provided by the SAO/NASA Astrophysics Data System}
}

@ARTICLE{butler1996,
       author = {{Butler}, R.~P. and {Marcy}, G.~W. and {Williams}, E. and
         {McCarthy}, C. and {Dosanjh}, P. and {Vogt}, S.~S.},
        title = "{Attaining Doppler Precision of 3 M s-1}",
      journal = {\pasp},
     keywords = {TECHNIQUES: SPECTROSCOPIC},
         year = 1996,
        month = jun,
       volume = {108},
        pages = {500},
          doi = {10.1086/133755},
       adsurl = {https://ui.adsabs.harvard.edu/abs/1996PASP..108..500B},
      adsnote = {Provided by the SAO/NASA Astrophysics Data System}
}

@ARTICLE{brewer2020,
       author = {{Brewer}, John M. and {Fischer}, Debra A. and {Blackman}, Ryan T. and
         {Cabot}, Samuel H.~C. and {Davis}, Allen B. and {Laughlin}, Gregory and
         {Leet}, Christopher and {Ong}, J.~M. Joel and {Petersburg}, Ryan R. and
         {Szymkowiak}, Andrew E. and {Zhao}, Lily L. and {Henry}, Gregory W. and
         {Llama}, Joe},
        title = "{EXPRES. I. HD 3651 as an Ideal RV Benchmark}",
      journal = {\aj},
     keywords = {Planet hosting stars, Radial velocity, Exoplanet dynamics, Exoplanet astronomy, 1242, 1332, 490, 486, Astrophysics - Earth and Planetary Astrophysics, Astrophysics - Instrumentation and Methods for Astrophysics, Astrophysics - Solar and Stellar Astrophysics},
         year = 2020,
        month = aug,
       volume = {160},
       number = {2},
          eid = {67},
        pages = {67},
          doi = {10.3847/1538-3881/ab99c9},
archivePrefix = {arXiv},
       eprint = {2006.02303},
 primaryClass = {astro-ph.EP},
       adsurl = {https://ui.adsabs.harvard.edu/abs/2020AJ....160...67B},
      adsnote = {Provided by the SAO/NASA Astrophysics Data System}
}

@ARTICLE{butler2017,
   author = {{Butler}, R.~P. and {Vogt}, S.~S. and {Laughlin}, G. and {Burt}, J.~A. and 
	{Rivera}, E.~J. and {Tuomi}, M. and {Teske}, J. and {Arriagada}, P. and 
	{Diaz}, M. and {Holden}, B. and {Keiser}, S.},
    title = "{The LCES HIRES/Keck Precision Radial Velocity Exoplanet Survey}",
  journal = {\aj},
    archivePrefix = "arXiv",
   eprint = {1702.03571},
  primaryClass = "astro-ph.EP",
 keywords = {planetary systems},
     year = 2017,
    month = may,
   volume = 153,
      eid = {208},
    pages = {208},
      doi = {10.3847/1538-3881/aa66ca},
   adsurl = {http://adsabs.harvard.edu/abs/2017AJ....153..208B},
  adsnote = {Provided by the SAO/NASA Astrophysics Data System}
}

@ARTICLE{cersullo2019,
       author = {{Cersullo}, F. and {Coffinet}, A. and {Chazelas}, B. and {Lovis}, C. and
         {Pepe}, F.},
        title = "{New wavelength calibration for echelle spectrographs using Fabry-P{\'e}rot etalons}",
      journal = {\aap},
     keywords = {instrumentation: spectrographs, techniques: radial velocities, planets and satellites: detection, planets and satellites: general, methods: data analysis, Astrophysics - Instrumentation and Methods for Astrophysics},
         year = 2019,
        month = apr,
       volume = {624},
          eid = {A122},
        pages = {A122},
          doi = {10.1051/0004-6361/201833852},
archivePrefix = {arXiv},
       eprint = {1903.01942},
 primaryClass = {astro-ph.IM},
       adsurl = {https://ui.adsabs.harvard.edu/abs/2019A&A...624A.122C},
      adsnote = {Provided by the SAO/NASA Astrophysics Data System}
}

@ARTICLE{chaplin2019,
   author = {{Chaplin}, W.~J. and {Cegla}, H.~M. and {Watson}, C.~A. and 
	{Davies}, G.~R. and {Ball}, W.~H.},
    title = "{Filtering Solar-Like Oscillations for Exoplanet Detection in Radial Velocity Observations}",
  journal = {\aj},
 archivePrefix = "arXiv",
   eprint = {1903.00657},
 primaryClass = "astro-ph.SR",
 keywords = {planets and satellites: detection, stars: low-mass, stars: oscillations },
     year = 2019,
    month = apr,
   volume = 157,
      eid = {163},
    pages = {163},
      doi = {10.3847/1538-3881/ab0c01},
   adsurl = {http://adsabs.harvard.edu/abs/2019AJ....157..163C},
  adsnote = {Provided by the SAO/NASA Astrophysics Data System}
}

@ARTICLE{ciddor1996,
       author = {{Ciddor}, Philip E.},
        title = "{Refractive index of air: new equations for the visible and near infrared}",
      journal = {\ao},
     keywords = {ATMOSPHERIC OPTICS, INSTRUMENTATION: MEASUREMENT: AND METROLOGY, INTERFEROMETRY, METROLOGY, REFRACTIVE INDEX},
         year = "1996",
        month = "Mar",
       volume = {35},
       number = {9},
        pages = {1566},
          doi = {10.1364/AO.35.001566},
       adsurl = {https://ui.adsabs.harvard.edu/abs/1996ApOpt..35.1566C},
      adsnote = {Provided by the SAO/NASA Astrophysics Data System}
}

@ARTICLE{coffinet2019,
       author = {{Coffinet}, A. and {Lovis}, C. and {Dumusque}, X. and {Pepe}, F.},
        title = "{New wavelength calibration of the HARPS spectrograph}",
      journal = {\aap},
     keywords = {instrumentation: spectrographs, techniques: radial velocities, methods: data analysis, planets and satellites: general, planets and satellites: detection, Astrophysics - Earth and Planetary Astrophysics, Astrophysics - Instrumentation and Methods for Astrophysics},
         year = 2019,
        month = sep,
       volume = {629},
          eid = {A27},
        pages = {A27},
          doi = {10.1051/0004-6361/201833272},
archivePrefix = {arXiv},
       eprint = {1901.03294},
 primaryClass = {astro-ph.EP},
       adsurl = {https://ui.adsabs.harvard.edu/abs/2019A&A...629A..27C},
      adsnote = {Provided by the SAO/NASA Astrophysics Data System}
}

@ARTICLE{cornachione2019,
       author = {{Cornachione}, Matthew A. and {Bolton}, Adam S. and {Eastman}, Jason D. and
         {Wilson}, Maurice L. and {Wang}, Sharon X. and {Johnson}, Samson A. and
         {Sliski}, David H. and {McCrady}, Nate and {Wright}, Jason T. and
         {Plavchan}, Peter and {Johnson}, John Asher and {Horner}, Jonathan and
         {Wittenmyer}, Robert A.},
        title = "{A Full Implementation of Spectro-perfectionism for Precise Radial Velocity Exoplanet Detection: A Test Case With the MINERVA Reduction Pipeline}",
      journal = {\pasp},
     keywords = {Astrophysics - Instrumentation and Methods for Astrophysics, Astrophysics - Earth and Planetary Astrophysics},
         year = "2019",
        month = "Dec",
       volume = {131},
       number = {1006},
        pages = {124503},
          doi = {10.1088/1538-3873/ab4103},
archivePrefix = {arXiv},
       eprint = {1911.04985},
 primaryClass = {astro-ph.IM},
       adsurl = {https://ui.adsabs.harvard.edu/abs/2019PASP..131l4503C},
      adsnote = {Provided by the SAO/NASA Astrophysics Data System}
}


@article{dumusque2018,
       author = {{Dumusque}, X.},
        title = "{Measuring precise radial velocities on individual spectral lines. I. Validation of the method and application to mitigate stellar activity}",
      journal = {\aap},
     keywords = {techniques: radial velocities, techniques: spectroscopic, stars: activity, stars: individual: HD10700, stars: individual: HD128621, stars: individual: HD10180, Astrophysics - Solar and Stellar Astrophysics, Astrophysics - Earth and Planetary Astrophysics, Astrophysics - Instrumentation and Methods for Astrophysics},
         year = "2018",
        month = "Nov",
       volume = {620},
          eid = {A47},
        pages = {A47},
          doi = {10.1051/0004-6361/201833795},
archivePrefix = {arXiv},
       eprint = {1809.01548},
 primaryClass = {astro-ph.SR},
       adsurl = {https://ui.adsabs.harvard.edu/abs/2018A&A...620A..47D},
      adsnote = {Provided by the SAO/NASA Astrophysics Data System}
}

@ARTICLE{duncan1991,
       author = {{Duncan}, Douglas K. and {Vaughan}, Arthur H. and {Wilson}, Olin C. and
         {Preston}, George W. and {Frazer}, James and {Lanning}, Howard and
         {Misch}, Anthony and {Mueller}, Jean and {Soyumer}, David and
         {Woodard}, L. and {Baliunas}, Sallie L. and {Noyes}, Robert W. and
         {Hartmann}, Lee W. and {Porter}, Alain and {Zwaan}, Cornelis and
         {Middelkoop}, Frans and {Rutten}, Rene G.~M. and {Mihalas}, Dimitri},
        title = "{CA II H and K Measurements Made at Mount Wilson Observatory, 1966--1983}",
      journal = {\apjs},
     keywords = {Stellar Activity, Stellar Composition, Stellar Spectrophotometry, Calcium, Continuous Spectra, Hydrogen, Potassium, Stellar Spectra, Astrophysics, CA II EMISSION, INSTRUMENTS, STARS: CHROMOSPHERES},
         year = "1991",
        month = "May",
       volume = {76},
        pages = {383},
          doi = {10.1086/191572},
       adsurl = {https://ui.adsabs.harvard.edu/abs/1991ApJS...76..383D},
      adsnote = {Provided by the SAO/NASA Astrophysics Data System}
}

@ARTICLE{espresso2013,
   author = {{Freudling}, W. and {Romaniello}, M. and {Bramich}, D.~M. and {Ballester}, P. and {Forchi}, V. and {Garc{\'{\i}}a-Dabl{\'o}}, C.~E. and {Moehler}, S. and {Neeser}, M.~J.},
    title = "{Automated data reduction workflows for astronomy. The ESO Reflex environment}",
  journal = {\aap},
    archivePrefix = "arXiv",
   eprint = {1311.5411},
 primaryClass = "astro-ph.IM",
 keywords = {methods: data analysis, astronomical databases: miscellaneous, techniques: miscellaneous, virtual observatory tools},
     year = 2013,
    month = nov,
   volume = 559,
      eid = {A96},
    pages = {A96},
      doi = {10.1051/0004-6361/201322494},
   adsurl = {http://adsabs.harvard.edu/abs/2013A%26A...559A..96F},
  adsnote = {Provided by the SAO/NASA Astrophysics Data System}
}

@MISC{espresso2019,
   author = {{Modigliani}, A. and {Sownsowska}, D. and {Lovis}, C.},
   year = 2019,
   title = {ESPRESSO Pipeline User Manual, ESO},
   note = {ESO}
}

@ARTICLE{fischer2014,
       author = {{Fischer}, Debra A. and {Anglada-Escude}, Guillem and
         {Arriagada}, Pamela and {Baluev}, Roman V. and {Bean}, Jacob L. and
         {Bouchy}, Francois and {Buchhave}, Lars A. and {Carroll}, Thorsten and
         {Chakraborty}, Abhijit and {Crepp}, Justin R. and {Dawson}, Rebekah I. and
         {Diddams}, Scott A. and {Dumusque}, Xavier and {Eastman}, Jason D. and
         {Endl}, Michael and {Figueira}, Pedro and {Ford}, Eric B. and
         {Foreman-Mackey}, Daniel and {Fournier}, Paul and
         {F{\H{u}}r{\'e}sz}, Gabor and {Gaudi}, B. Scott and
         {Gregory}, Philip C. and {Grundahl}, Frank and {Hatzes}, Artie P. and
         {H{\'e}brard}, Guillaume and {Herrero}, Enrique and {Hogg}, David W. and
         {Howard}, Andrew W. and {Johnson}, John A. and {Jorden}, Paul and
         {Jurgenson}, Colby A. and {Latham}, David W. and {Laughlin}, Greg and
         {Loredo}, Thomas J. and {Lovis}, Christophe and {Mahadevan}, Suvrath and
         {McCracken}, Tyler M. and {Pepe}, Francesco and {Perez}, Mario and
         {Phillips}, David F. and {Plavchan}, Peter P. and {Prato}, Lisa and
         {Quirrenbach}, Andreas and {Reiners}, Ansgar and {Robertson}, Paul and
         {Santos}, Nuno C. and {Sawyer}, David and {Segransan}, Damien and
         {Sozzetti}, Alessandro and {Steinmetz}, Tilo and
         {Szentgyorgyi}, Andrew and {Udry}, St{\'e}phane and {Valenti}, Jeff A. and
         {Wang}, Sharon X. and {Wittenmyer}, Robert A. and {Wright}, Jason T.},
        title = "{State of the Field: Extreme Precision Radial Velocities}",
      journal = {\pasp},
     keywords = {Astrophysics - Instrumentation and Methods for Astrophysics, Astrophysics - Earth and Planetary Astrophysics},
         year = "2016",
        month = "Jun",
       volume = {128},
       number = {964},
        pages = {066001},
          doi = {10.1088/1538-3873/128/964/066001},
archivePrefix = {arXiv},
       eprint = {1602.07939},
 primaryClass = {astro-ph.IM},
       adsurl = {https://ui.adsabs.harvard.edu/abs/2016PASP..128f6001F},
      adsnote = {Provided by the SAO/NASA Astrophysics Data System}
}

@ARTICLE{fischer2016,
       author = {{Fischer}, Debra A. and {Anglada-Escude}, Guillem and
         {Arriagada}, Pamela and {Baluev}, Roman V. and {Bean}, Jacob L. and
         {Bouchy}, Francois and {Buchhave}, Lars A. and {Carroll}, Thorsten and
         {Chakraborty}, Abhijit and {Crepp}, Justin R. and {Dawson}, Rebekah I. and
         {Diddams}, Scott A. and {Dumusque}, Xavier and {Eastman}, Jason D. and
         {Endl}, Michael and {Figueira}, Pedro and {Ford}, Eric B. and
         {Foreman-Mackey}, Daniel and {Fournier}, Paul and
         {F{\H{u}}r{\'e}sz}, Gabor and {Gaudi}, B. Scott and
         {Gregory}, Philip C. and {Grundahl}, Frank and {Hatzes}, Artie P. and
         {H{\'e}brard}, Guillaume and {Herrero}, Enrique and {Hogg}, David W. and
         {Howard}, Andrew W. and {Johnson}, John A. and {Jorden}, Paul and
         {Jurgenson}, Colby A. and {Latham}, David W. and {Laughlin}, Greg and
         {Loredo}, Thomas J. and {Lovis}, Christophe and {Mahadevan}, Suvrath and
         {McCracken}, Tyler M. and {Pepe}, Francesco and {Perez}, Mario and
         {Phillips}, David F. and {Plavchan}, Peter P. and {Prato}, Lisa and
         {Quirrenbach}, Andreas and {Reiners}, Ansgar and {Robertson}, Paul and
         {Santos}, Nuno C. and {Sawyer}, David and {Segransan}, Damien and
         {Sozzetti}, Alessandro and {Steinmetz}, Tilo and
         {Szentgyorgyi}, Andrew and {Udry}, St{\'e}phane and {Valenti}, Jeff A. and
         {Wang}, Sharon X. and {Wittenmyer}, Robert A. and {Wright}, Jason T.},
        title = "{State of the Field: Extreme Precision Radial Velocities}",
      journal = {\pasp},
     keywords = {Astrophysics - Instrumentation and Methods for Astrophysics, Astrophysics - Earth and Planetary Astrophysics},
         year = 2016,
        month = jun,
       volume = {128},
       number = {964},
        pages = {066001},
          doi = {10.1088/1538-3873/128/964/066001},
archivePrefix = {arXiv},
       eprint = {1602.07939},
 primaryClass = {astro-ph.IM},
       adsurl = {https://ui.adsabs.harvard.edu/abs/2016PASP..128f6001F},
      adsnote = {Provided by the SAO/NASA Astrophysics Data System}
}

@ARTICLE{formanmackey2015,
       author = {{Foreman-Mackey}, Daniel and {Montet}, Benjamin T. and {Hogg}, David W. and
         {Morton}, Timothy D. and {Wang}, Dun and {Sch{\"o}lkopf}, Bernhard},
        title = "{A Systematic Search for Transiting Planets in the K2 Data}",
      journal = {\apj},
     keywords = {catalogs, methods: data analysis, methods: statistical, planetary systems, stars: statistics, Astrophysics - Earth and Planetary Astrophysics, Astrophysics - Instrumentation and Methods for Astrophysics},
         year = 2015,
        month = jun,
       volume = {806},
       number = {2},
          eid = {215},
        pages = {215},
          doi = {10.1088/0004-637X/806/2/215},
archivePrefix = {arXiv},
       eprint = {1502.04715},
 primaryClass = {astro-ph.EP},
       adsurl = {https://ui.adsabs.harvard.edu/abs/2015ApJ...806..215F},
      adsnote = {Provided by the SAO/NASA Astrophysics Data System}
}

@ARTICLE{gaiadr2,
   author = {{Gaia Collaboration}},
    title = "{VizieR Online Data Catalog: Gaia DR2 (Gaia Collaboration, 2018)}",
  journal = {VizieR Online Data Catalog},
 keywords = {Gaia},
     year = 2018,
    month = apr,
   volume = 1345,
   adsurl = {http://adsabs.harvard.edu/abs/2018yCat.1345....0G},
  adsnote = {Provided by the SAO/NASA Astrophysics Data System}
}

@ARTICLE{horne1986,
   author = {{Horne}, K.},
    title = "{An optimal extraction algorithm for CCD spectroscopy}",
  journal = {\pasp},
 keywords = {Astronomical Spectroscopy, Charge Coupled Devices, Data Reduction, Spectrum Analysis, Image Processing, Iteration, Optimization, Spatial Resolution, Stellar Spectra, Variance (Statistics)},
     year = 1986,
    month = jun,
   volume = 98,
    pages = {609-617},
      doi = {10.1086/131801},
   adsurl = {https://ui.adsabs.harvard.edu/abs/1986PASP...98..609H},
  adsnote = {Provided by the SAO/NASA Astrophysics Data System}
}

@ARTICLE{isaacson2010,
       author = {{Isaacson}, Howard and {Fischer}, Debra},
        title = "{Chromospheric Activity and Jitter Measurements for 2630 Stars on the California Planet Search}",
      journal = {\apj},
     keywords = {stars: activity, stars: chromospheres, stars: fundamental parameters, Astrophysics - Earth and Planetary Astrophysics},
         year = "2010",
        month = "Dec",
       volume = {725},
       number = {1},
        pages = {875-885},
          doi = {10.1088/0004-637X/725/1/875},
     archivePrefix = {arXiv},
       eprint = {1009.2301},
     primaryClass = {astro-ph.EP},
       adsurl = {https://ui.adsabs.harvard.edu/abs/2010ApJ...725..875I},
      adsnote = {Provided by the SAO/NASA Astrophysics Data System}
}

@article{jolliffe2016,
author = {Jolliffe, Ian and Cadima, Jorge},
year = {2016},
month = {04},
pages = {20150202},
title = {Principal component analysis: A review and recent developments},
volume = {374},
journal = {Philosophical Transactions of the Royal Society A: Mathematical, Physical and Engineering Sciences},
doi = {10.1098/rsta.2015.0202}
}

@inproceedings{jurgenson2016,
   author = {{Jurgenson}, C. and {Fischer}, D. and {McCracken}, T. and {Sawyer}, D. and 
	{Szymkowiak}, A. and {Davis}, A. and {Muller}, G. and {Santoro}, F.
	},
    title = "{EXPRES: a next generation RV spectrograph in the search for earth-like worlds}",
    booktitle = {Ground-based and Airborne Instrumentation for Astronomy VI},
     year = 2016,
   series = {\procspie},
   volume = 9908,
    archivePrefix = "arXiv",
   eprint = {1606.04413},
 primaryClass = "astro-ph.IM",
    month = aug,
      eid = {99086T},
    pages = {99086T},
      doi = {10.1117/12.2233002},
   adsurl = {http://adsabs.harvard.edu/abs/2016SPIE.9908E..6TJ},
  adsnote = {Provided by the SAO/NASA Astrophysics Data System}
}

@article{kramer1991,
author = {Kramer, Mark A.},
title = {Nonlinear principal component analysis using autoassociative neural networks},
journal = {AIChE Journal},
volume = {37},
number = {2},
pages = {233-243},
doi = {10.1002/aic.690370209},
url = {https://aiche.onlinelibrary.wiley.com/doi/abs/10.1002/aic.690370209},
eprint = {https://aiche.onlinelibrary.wiley.com/doi/pdf/10.1002/aic.690370209},
abstract = {Abstract Nonlinear principal component analysis is a novel technique for multivariate data analysis, similar to the well-known method of principal component analysis. NLPCA, like PCA, is used to identify and remove correlations among problem variables as an aid to dimensionality reduction, visualization, and exploratory data analysis. While PCA identifies only linear correlations between variables, NLPCA uncovers both linear and nonlinear correlations, without restriction on the character of the nonlinearities present in the data. NLPCA operates by training a feedforward neural network to perform the identity mapping, where the network inputs are reproduced at the output layer. The network contains an internal “bottleneck” layer (containing fewer nodes than input or output layers), which forces the network to develop a compact representation of the input data, and two additional hidden layers. The NLPCA method is demonstrated using time-dependent, simulated batch reaction data. Results show that NLPCA successfully reduces dimensionality and produces a feature space map resembling the actual distribution of the underlying system parameters.},
year = {1991}
}

@INBOOK{landoni2014,
       author = {{Landoni}, Marco and {Riva}, Marco and {Pepe}, Francesco and
         {Conconi}, Paolo and {Zerbi}, Filippo M. and {Cabral}, Alexandre and
         {Cristiani}, Stefano and {Megevand}, Denis},
        title = "{ESPRESSO front end exposure meter: a chromatic approach to radial velocity correction}",
    booktitle = {Proceedings of the SPIE, Volume 9147, id. 91478K 18 pp. (2014).},
         year = "2014",
       volume = {9147},
       series = {Society of Photo-Optical Instrumentation Engineers (SPIE) Conference Series},
          eid = {91478K},
        pages = {91478K},
          doi = {10.1117/12.2056406},
       adsurl = {https://ui.adsabs.harvard.edu/abs/2014SPIE.9147E..8KL},
      adsnote = {Provided by the SAO/NASA Astrophysics Data System}
}


@ARTICLE{leet2019,
       author = {{Leet}, Christopher and {Fischer}, Debra A. and {Valenti}, Jeff A.},
        title = "{Toward a Self-calibrating, Empirical, Light-weight Model for Tellurics in High-resolution Spectra}",
      journal = {\aj},
     keywords = {methods: data analysis, techniques: radial velocities, Astrophysics - Instrumentation and Methods for Astrophysics, Astrophysics - Solar and Stellar Astrophysics},
         year = 2019,
        month = may,
       volume = {157},
       number = {5},
          eid = {187},
        pages = {187},
          doi = {10.3847/1538-3881/ab0d86},
archivePrefix = {arXiv},
       eprint = {1903.08350},
 primaryClass = {astro-ph.IM},
       adsurl = {https://ui.adsabs.harvard.edu/abs/2019AJ....157..187L},
      adsnote = {Provided by the SAO/NASA Astrophysics Data System}
}

@ARTICLE{lovis2007,
       author = {{Lovis}, C. and {Pepe}, F.},
        title = "{A new list of thorium and argon spectral lines in the visible}",
      journal = {\aap},
     keywords = {atomic data, techniques: spectroscopic, atlases, catalogs, Astrophysics},
         year = 2007,
        month = jun,
       volume = {468},
       number = {3},
        pages = {1115-1121},
          doi = {10.1051/0004-6361:20077249},
archivePrefix = {arXiv},
       eprint = {astro-ph/0703412},
 primaryClass = {astro-ph},
       adsurl = {https://ui.adsabs.harvard.edu/abs/2007A&A...468.1115L},
      adsnote = {Provided by the SAO/NASA Astrophysics Data System}
}

@ARTICLE{marcy1992,
       author = {{Marcy}, Geoffrey W. and {Butler}, R.~P.},
        title = "{Precision Radial Velocities with an Iodine Absorption cell}",
      journal = {\pasp},
     keywords = {Absorption Spectra, Brown Dwarf Stars, Companion Stars, Iodine, Radial Velocity, Stellar Spectra, Charge Coupled Devices, High Resolution, Line Spectra, Point Spread Functions, Spectral Line Width, Spectral Resolution, Spectrographs, Astrophysics, INSTRUMENTATION: SPECTROGRAPHS, TECHNIQUES: SPECTROSCOPIC, LINE: IDENTIFICATION},
         year = "1992",
        month = "Apr",
       volume = {104},
        pages = {270},
          doi = {10.1086/132989},
       adsurl = {https://ui.adsabs.harvard.edu/abs/1992PASP..104..270M},
      adsnote = {Provided by the SAO/NASA Astrophysics Data System}
}

@ARTICLE{mascareno2020,
       author = {{Su{\'a}rez Mascare{\~n}o}, A. and {Faria}, J.~P. and {Figueira}, P. and
         {Lovis}, C. and {Damasso}, M. and {Gonz{\'a}lez Hern{\'a}ndez}, J.~I. and
         {Rebolo}, R. and {Cristiano}, S. and {Pepe}, F. and {Santos}, N.~C. and
         {Zapatero Osorio}, M.~R. and {Adibekyan}, V. and {Hojjatpanah}, S. and
         {Sozzetti}, A. and {Murgas}, F. and {Abreo}, M. and {Affolter}, M. and
         {Alibert}, Y. and {Aliverti}, M. and {Allart}, R. and
         {Allende Prieto}, C. and {Alves}, D. and {Amate}, M. and {Avila}, G. and
         {Baldini}, V. and {Bandi}, T. and {Barros}, S.~C.~C. and {Bianco}, A. and
         {Benz}, W. and {Bouchy}, F. and {Broeng}, C. and {Cabral}, A. and
         {Calderone}, G. and {Cirami}, R. and {Coelho}, J. and {Conconi}, P. and
         {Coretti}, I. and {Cumani}, C. and {Cupani}, G. and {D'Odorico}, V. and
         {Deiries}, S. and {Delabre}, B. and {Di Marcantonio}, P. and
         {Dumusque}, X. and {Ehrenreich}, D. and {Fragoso}, A. and
         {Genolet}, L. and {Genoni}, M. and {G{\'e}nova Santos}, R. and
         {Hughes}, I. and {Iwert}, O. and {Ferber}, K. and {Knusdrtrup}, J. and
         {Landoni}, M. and {Lavie}, B. and {Lillo-Box}, J. and {Lizon}, J. and
         {Lo Curto}, G. and {Maire}, C. and {Manescau}, A. and
         {Martins}, C.~J.~A.~P. and {M{\'e}gevand}, D. and {Mehner}, A. and
         {Micela}, G. and {Modigliani}, A. and {Molaro}, P. and
         {Monteiro}, M.~A. and {Monteiro}, M.~J.~P.~F.~G. and {Moschetti}, M. and
         {Mueller}, E. and {Nunes}, N.~J. and {Oggioni}, L. and {Oliveira}, A. and
         {Pall{\'e}}, E. and {Pariani}, G. and {Pasquini}, L. and {Poretti}, E. and
         {Rasilla}, J.~L. and {Redaelli}, E. and {Riva}, M. and
         {Santana Tschudi}, S. and {Santin}, P. and {Santos}, P. and
         {Segovia}, A. and {Sosnoswska}, D. and {Sousa}, S. and {Span{\`o}}, P. and
         {Tenegi}, F. and {Udry}, S. and {Zanutta}, A. and {Zerbi}, F.},
        title = "{Revisiting Proxima with ESPRESSO}",
      journal = {arXiv e-prints},
     keywords = {Astrophysics - Earth and Planetary Astrophysics, Astrophysics - Instrumentation and Methods for Astrophysics, Astrophysics - Solar and Stellar Astrophysics},
         year = 2020,
        month = may,
          eid = {arXiv:2005.12114},
        pages = {arXiv:2005.12114},
archivePrefix = {arXiv},
       eprint = {2005.12114},
 primaryClass = {astro-ph.EP},
       adsurl = {https://ui.adsabs.harvard.edu/abs/2020arXiv200512114S},
      adsnote = {Provided by the SAO/NASA Astrophysics Data System}
}

@ARTICLE{mayor2011,
       author = {{Mayor}, M. and {Marmier}, M. and {Lovis}, C. and {Udry}, S. and
         {S{\'e}gransan}, D. and {Pepe}, F. and {Benz}, W. and
         {Bertaux}, J. -L. and {Bouchy}, F. and {Dumusque}, X. and
         {Lo Curto}, G. and {Mordasini}, C. and {Queloz}, D. and {Santos}, N.~C.},
        title = "{The HARPS search for southern extra-solar planets XXXIV. Occurrence, mass distribution and orbital properties of super-Earths and Neptune-mass planets}",
      journal = {arXiv e-prints},
     keywords = {Astrophysics - Earth and Planetary Astrophysics, Astrophysics - Solar and Stellar Astrophysics},
         year = 2011,
        month = sep,
          eid = {arXiv:1109.2497},
        pages = {arXiv:1109.2497},
archivePrefix = {arXiv},
       eprint = {1109.2497},
 primaryClass = {astro-ph.EP},
       adsurl = {https://ui.adsabs.harvard.edu/abs/2011arXiv1109.2497M},
      adsnote = {Provided by the SAO/NASA Astrophysics Data System}
}

@ARTICLE{milakovic2020,
       author = {{Milakovi{\'c}}, Dinko and {Pasquini}, Luca and {Webb}, John K. and
         {Lo Curto}, Gaspare},
        title = "{Precision and consistency of astrocombs}",
      journal = {\mnras},
     keywords = {instrumentation: detectors, instrumentation: spectrographs, techniques: radial velocities, techniques: spectroscopic, (cosmology:) cosmological parameters, (cosmology:) dark energy, Astrophysics - Instrumentation and Methods for Astrophysics, Astrophysics - Earth and Planetary Astrophysics, Astrophysics - Solar and Stellar Astrophysics},
         year = 2020,
        month = apr,
       volume = {493},
       number = {3},
        pages = {3997-4011},
          doi = {10.1093/mnras/staa356},
archivePrefix = {arXiv},
       eprint = {2002.05182},
 primaryClass = {astro-ph.IM},
       adsurl = {https://ui.adsabs.harvard.edu/abs/2020MNRAS.493.3997M},
      adsnote = {Provided by the SAO/NASA Astrophysics Data System}
}

@ARTICLE{molaro2013,
       author = {{Molaro}, P. and {Esposito}, M. and {Monai}, S. and {Lo Curto}, G. and
         {Gonz{\'a}lez Hern{\'a}ndez}, J.~I. and {H{\"a}nsch}, T.~W. and
         {Holzwarth}, R. and {Manescau}, A. and {Pasquini}, L. and
         {Probst}, R.~A. and {Rebolo}, R. and {Steinmetz}, T. and {Udem}, Th. and
         {Wilken}, T.},
        title = "{A frequency comb calibrated solar atlas}",
      journal = {\aap},
     keywords = {instrumentation: spectrographs, techniques: spectroscopic, atlases, Sun: photosphere, Sun: activity, Astrophysics - Solar and Stellar Astrophysics},
         year = 2013,
        month = dec,
       volume = {560},
          eid = {A61},
        pages = {A61},
          doi = {10.1051/0004-6361/201322324},
archivePrefix = {arXiv},
       eprint = {1310.5087},
 primaryClass = {astro-ph.SR},
       adsurl = {https://ui.adsabs.harvard.edu/abs/2013A&A...560A..61M},
      adsnote = {Provided by the SAO/NASA Astrophysics Data System}
}

@INPROCEEDINGS{neid,
   author = {{Schwab}, C. and {Rakich}, A. and {Gong}, Q. and {Mahadevan}, S. and 
	{Halverson}, S.~P. and {Roy}, A. and {Terrien}, R.~C. and {Robertson}, P.~M. and 
	{Hearty}, F.~R. and {Levi}, E.~I. and {Monson}, A.~J. and {Wright}, J.~T. and 
	{McElwain}, M.~W. and {Bender}, C.~F. and {Blake}, C.~H. and 
	{St{\"u}rmer}, J. and {Gurevich}, Y.~V. and {Chakraborty}, A. and 
	{Ramsey}, L.~W.},
    title = "{Design of NEID, an extreme precision Doppler spectrograph for WIYN}",
 booktitle = {Ground-based and Airborne Instrumentation for Astronomy VI},
     year = 2016,
   series = {\procspie},
   volume = 9908,
    month = aug,
      eid = {99087H},
    pages = {99087H},
      doi = {10.1117/12.2234411},
   adsurl = {http://adsabs.harvard.edu/abs/2016SPIE.9908E..7HS},
  adsnote = {Provided by the SAO/NASA Astrophysics Data System}
}

@Misc{numpy,
  author =    {Travis Oliphant},
  title =     {{NumPy}: A guide to {NumPy}},
  year =      {2006--},
  howpublished = {USA: Trelgol Publishing},
  url = "http://www.numpy.org/",
  note = {[Online; accessed <today>]}
 }

@ARTICLE{numpy2,
author={S. {van der Walt} and S. C. {Colbert} and G. {Varoquaux}},
journal={Computing in Science Engineering},
title={The NumPy Array: A Structure for Efficient Numerical Computation},
year={2011},
volume={13},
number={2},
pages={22-30},
doi={10.1109/MCSE.2011.37},
ISSN={1558-366X},
month={March}
}

@misc{pearson1901,
  author       = {Pearson, Karl},
  title        = {{LIII. On lines and planes of closest fit to 
                   systems of points in space}},
  month        = nov,
  year         = 1901,
  publisher    = {Zenodo},
  doi          = {10.1080/14786440109462720},
  url          = {https://doi.org/10.1080/14786440109462720}
}

@ARTICLE{pepe2013,
   author = {{Pepe}, F. and {Cristiani}, S. and {Rebolo}, R. and {Santos}, N.~C. and 
	{Dekker}, H. and {M{\'e}gevand}, D. and {Zerbi}, F.~M. and {Cabral}, A. and 
	{Molaro}, P. and {Di Marcantonio}, P. and {Abreu}, M. and {Affolter}, M. and 
	{Aliverti}, M. and {Allende Prieto}, C. and {Amate}, M. and 
	{Avila}, G. and {Baldini}, V. and {Bristow}, P. and {Broeg}, C. and 
	{Cirami}, R. and {Coelho}, J. and {Conconi}, P. and {Coretti}, I. and 
	{Cupani}, G. and {D'Odorico}, V. and {De Caprio}, V. and {Delabre}, B. and 
	{Dorn}, R. and {Figueira}, P. and {Fragoso}, A. and {Galeotta}, S. and 
	{Genolet}, L. and {Gomes}, R. and {Gonz{\'a}lez Hern{\'a}ndez}, J.~I. and 
	{Hughes}, I. and {Iwert}, O. and {Kerber}, F. and {Landoni}, M. and 
	{Lizon}, J.-L. and {Lovis}, C. and {Maire}, C. and {Mannetta}, M. and 
	{Martins}, C. and {Monteiro}, M.~A. and {Oliveira}, A. and {Poretti}, E. and 
	{Rasilla}, J.~L. and {Riva}, M. and {Santana Tschudi}, S. and 
	{Santos}, P. and {Sosnowska}, D. and {Sousa}, S. and {Span{\`o}}, P. and 
	{Tenegi}, F. and {Toso}, G. and {Vanzella}, E. and {Viel}, M. and 
	{Zapatero Osorio}, M.~R.},
    title = "{ESPRESSO {\mdash} An Echelle SPectrograph for Rocky Exoplanets Search and Stable Spectroscopic Observations}",
  journal = {The Messenger},
     year = 2013,
    month = sep,
   volume = 153,
    pages = {6-16},
   adsurl = {http://adsabs.harvard.edu/abs/2013Msngr.153....6P},
  adsnote = {Provided by the SAO/NASA Astrophysics Data System}
}


@ARTICLE{petersburg2018,
   author = {{Petersburg}, R.~R. and {McCracken}, T.~M. and {Eggerman}, D. and 
	{Jurgenson}, C.~A. and {Sawyer}, D. and {Szymkowiak}, A.~E. and 
	{Fischer}, D.~A.},
    title = "{Modal Noise Mitigation through Fiber Agitation for Fiber-fed Radial Velocity Spectrographs}",
  journal = {\apj},
 archivePrefix = "arXiv",
   eprint = {1802.01642},
 primaryClass = "astro-ph.IM",
 keywords = {instrumentation: spectrographs, techniques: radial velocities},
     year = 2018,
    month = feb,
   volume = 853,
      eid = {181},
    pages = {181},
      doi = {10.3847/1538-4357/aaa487},
   adsurl = {http://adsabs.harvard.edu/abs/2018ApJ...853..181P},
  adsnote = {Provided by the SAO/NASA Astrophysics Data System}
}

@ARTICLE{petersburg2020,
       author = {{Petersburg}, Ryan R. and {Ong}, J.~M. Joel and {Zhao}, Lily L. and
         {Blackman}, Ryan T. and {Brewer}, John M. and {Buchhave}, Lars A. and
         {Cabot}, Samuel H.~C. and {Davis}, Allen B. and {Jurgenson}, Colby A. and
         {Leet}, Christopher and {McCracken}, Tyler M. and {Sawyer}, David and
         {Sharov}, Mikhail and {Tronsgaard}, Ren{\'e} and
         {Szymkowiak}, Andrew E. and {Fischer}, Debra A.},
        title = "{An Extreme-precision Radial-velocity Pipeline: First Radial Velocities from EXPRES}",
      journal = {\aj},
     keywords = {Astrophysics - Instrumentation and Methods for Astrophysics, Astrophysics - Earth and Planetary Astrophysics, Astrophysics - Solar and Stellar Astrophysics},
         year = 2020,
        month = may,
       volume = {159},
       number = {5},
          eid = {187},
        pages = {187},
          doi = {10.3847/1538-3881/ab7e31},
archivePrefix = {arXiv},
       eprint = {2003.08851},
 primaryClass = {astro-ph.IM},
       adsurl = {https://ui.adsabs.harvard.edu/abs/2020AJ....159..187P},
      adsnote = {Provided by the SAO/NASA Astrophysics Data System}
}

@ARTICLE{piskunov2002,
   author = {{Piskunov}, N.~E. and {Valenti}, J.~A.},
    title = "{New algorithms for reducing cross-dispersed echelle spectra}",
  journal = {\aap},
 keywords = {INSTRUMENTATION: SPECTROGRAPHS, METHODS: DATA ANALYSIS, TECHNIQUES: SPECTROSCOPIC},
     year = 2002,
    month = apr,
   volume = 385,
    pages = {1095-1106},
      doi = {10.1051/0004-6361:20020175},
   adsurl = {https://ui.adsabs.harvard.edu/abs/2002A%26A...385.1095P},
  adsnote = {Provided by the SAO/NASA Astrophysics Data System}
}

@article{plavchan2015,
author = {Plavchan, Peter and Latham, Dave and Gaudi, Scott and Crepp, Justin and Dumusque, Xavier and Fűrész, Gábor and Vanderburg, Andrew and Blake, Cullen and Fischer, D. and Prato, Lisa and White, Russel and Makarov, Valeri and Marcy, G. and Stapelfeldt, Karl and Haywood, Raphaëlle and Collier-Cameron, Andrew and Quirrenbach, Andreas and Mahadevan, Suvrath and Anglada-Escudé, Guillem and Muirhead, Philip},
year = {2015},
month = {03},
pages = {},
title = {Radial Velocity Prospects Current and Future: A White Paper Report prepared by the Study Analysis Group 8 for the Exoplanet Program Analysis Group (ExoPAG)}
}

@INBOOK{probst2014,
       author = {{Probst}, Rafael A. and {Lo Curto}, Gaspare and {Avila}, Gerardo and
         {Canto Martins}, Bruno L. and {de Medeiros}, Jos{\'e} R. and
         {Esposito}, Massimiliano and {Gonz{\'a}lez Hern{\'a}ndez}, Jonay I. and
         {H{\"a}nsch}, Theodor W. and {Holzwarth}, Ronald and {Kerber}, Florian and
         {Le{\~a}o}, Izan C. and {Manescau}, Antonio and {Pasquini}, Luca and
         {Rebolo-L{\'o}pez}, Rafael and {Steinmetz}, Tilo and {Udem}, Thomas and
         {Wu}, Yuanjie},
        title = "{A laser frequency comb featuring sub-cm/s precision for routine operation on HARPS}",
    booktitle = {\procspie},
         year = 2014,
       volume = {9147},
       series = {Society of Photo-Optical Instrumentation Engineers (SPIE) Conference Series},
          eid = {91471C},
        pages = {91471C},
          doi = {10.1117/12.2055784},
       adsurl = {https://ui.adsabs.harvard.edu/abs/2014SPIE.9147E..1CP},
      adsnote = {Provided by the SAO/NASA Astrophysics Data System}
}

@INPROCEEDINGS{probst2016,
   author = {{Probst}, R.~A. and {Lo Curto}, G. and {{\'A}vila}, G. and {Brucalassi}, A. and 
	{Canto Martins}, B.~L. and {de Castro Le{\~a}o}, I. and {Esposito}, M. and 
	{Gonz{\'a}lez Hern{\'a}ndez}, J.~I. and {Grupp}, F. and {H{\"a}nsch}, T.~W. and 
	{Holzwarth}, R. and {Kellermann}, H. and {Kerber}, F. and {Mandel}, O. and 
	{Manescau}, A. and {Pasquini}, L. and {Pozna}, E. and {Rebolo}, R. and 
	{Renan de Medeiros}, J. and {Stark}, S.~P. and {Steinmetz}, T. and 
	{Su{\'a}rez Mascare{\~n}o}, A. and {Udem}, T. and {Urrutia}, J. and 
	{Wu}, Y.},
    title = "{Relative stability of two laser frequency combs for routine operation on HARPS and FOCES}",
booktitle = {Ground-based and Airborne Instrumentation for Astronomy VI},
     year = 2016,
   series = {\procspie},
   volume = 9908,
    month = aug,
      eid = {990864},
    pages = {990864},
      doi = {10.1117/12.2231434},
   adsurl = {https://ui.adsabs.harvard.edu/abs/2016SPIE.9908E..64P},
  adsnote = {Provided by the SAO/NASA Astrophysics Data System}
}

@ARTICLE{probst2020,
       author = {{Probst}, Rafael A. and {Milakovi{\'c}}, Dinko and
         {Toledo-Padr{\'o}n}, Borja and {Lo Curto}, Gaspare and
         {Avila}, Gerardo and {Brucalassi}, Anna and {Canto Martins}, Bruno L. and
         {de Castro Le{\~a}o}, Izan and {Esposito}, Massimiliano and
         {Gonz{\'a}lez Hern{\'a}ndez}, Jonay I. and {Grupp}, Frank and
         {H{\"a}nsch}, Theodor W. and {Kellermann}, Hanna and {Kerber}, Florian and
         {Mandel}, Olaf and {Manescau}, Antonio and {Pozna}, Eszter and
         {Rebolo}, Rafael and {de Medeiros}, Jos{\'e} R. and {Steinmetz}, Tilo and
         {Su{\'a}rez Mascare{\~n}o}, Alejandro and {Udem}, Thomas and
         {Urrutia}, Josefina and {Wu}, Yuanjie and {Pasquini}, Luca and
         {Holzwarth}, Ronald},
        title = "{A crucial test for astronomical spectrograph calibration with frequency combs}",
      journal = {Nature Astronomy},
     keywords = {Astrophysics - Instrumentation and Methods for Astrophysics},
         year = 2020,
        month = feb,
          doi = {10.1038/s41550-020-1010-x},
archivePrefix = {arXiv},
       eprint = {2002.08868},
 primaryClass = {astro-ph.IM},
       adsurl = {https://ui.adsabs.harvard.edu/abs/2020NatAs.tmp...26P},
      adsnote = {Provided by the SAO/NASA Astrophysics Data System}
}

@ARTICLE{redman2014,
       author = {{Redman}, Stephen L. and {Nave}, Gillian and {Sansonetti}, Craig J.},
        title = "{The Spectrum of Thorium from 250 nm to 5500 nm: Ritz Wavelengths and Optimized Energy Levels}",
      journal = {\apjs},
     keywords = {atomic data, line: identification, methods: data analysis, standards, techniques: radial velocities, Astrophysics - Instrumentation and Methods for Astrophysics, Astrophysics - Earth and Planetary Astrophysics, Physics - Atomic Physics},
         year = 2014,
        month = mar,
       volume = {211},
       number = {1},
          eid = {4},
        pages = {4},
          doi = {10.1088/0067-0049/211/1/4},
archivePrefix = {arXiv},
       eprint = {1308.5229},
 primaryClass = {astro-ph.IM},
       adsurl = {https://ui.adsabs.harvard.edu/abs/2014ApJS..211....4R},
      adsnote = {Provided by the SAO/NASA Astrophysics Data System}
}

@ARTICLE{steinmetz2008,
   author = {{Steinmetz}, T. and {Wilken}, T. and {Araujo-Hauck}, C. and 
	{Holzwarth}, R. and {H{\"a}nsch}, T.~W. and {Pasquini}, L. and 
	{Manescau}, A. and {D'Odorico}, S. and {Murphy}, M.~T. and {Kentischer}, T. and 
	{Schmidt}, W. and {Udem}, T.},
    title = "{Laser Frequency Combs for Astronomical Observations}",
  journal = {Science},
archivePrefix = "arXiv",
   eprint = {0809.1663},
     year = 2008,
    month = sep,
   volume = 321,
    pages = {1335},
      doi = {10.1126/science.1161030},
   adsurl = {https://ui.adsabs.harvard.edu/abs/2008Sci...321.1335S},
  adsnote = {Provided by the SAO/NASA Astrophysics Data System}
}

@ARTICLE{scipy,
       author = {{Virtanen}, Pauli and {Gommers}, Ralf and {Oliphant},
         Travis E. and {Haberland}, Matt and {Reddy}, Tyler and
         {Cournapeau}, David and {Burovski}, Evgeni and {Peterson}, Pearu
         and {Weckesser}, Warren and {Bright}, Jonathan and {van der Walt},
         St{\'e}fan J.  and {Brett}, Matthew and {Wilson}, Joshua and
         {Jarrod Millman}, K.  and {Mayorov}, Nikolay and {Nelson}, Andrew
         R.~J. and {Jones}, Eric and {Kern}, Robert and {Larson}, Eric and
         {Carey}, CJ and {Polat}, {\.I}lhan and {Feng}, Yu and {Moore},
         Eric W. and {Vand erPlas}, Jake and {Laxalde}, Denis and
         {Perktold}, Josef and {Cimrman}, Robert and {Henriksen}, Ian and
         {Quintero}, E.~A. and {Harris}, Charles R and {Archibald}, Anne M.
         and {Ribeiro}, Ant{\^o}nio H. and {Pedregosa}, Fabian and
         {van Mulbregt}, Paul and {Contributors}, SciPy 1. 0},
        title = "{SciPy 1.0: Fundamental Algorithms for Scientific
                  Computing in Python}",
      journal = {Nature Methods},
      year = "2020",
      volume={17},
      pages={261--272},
      adsurl = {https://rdcu.be/b08Wh},
      doi = {https://doi.org/10.1038/s41592-019-0686-2},
}

@article{talor2019,
   author = {{Tal-Or}, L. and {Trifonov}, T. and {Zucker}, S. and {Mazeh}, T. and 
	{Zechmeister}, M.},
    title = "{Correcting HIRES/Keck radial velocities for small systematic errors}",
  journal = {\mnras},
   archivePrefix = "arXiv",
   eprint = {1810.02986},
 primaryClass = "astro-ph.EP",
 keywords = {instrumentation: spectrographs, techniques: radial velocities, planetary systems},
     year = 2019,
    month = mar,
   volume = 484,
    pages = {L8-L13},
      doi = {10.1093/mnrasl/sly227},
   adsurl = {http://adsabs.harvard.edu/abs/2019MNRAS.484L...8T},
  adsnote = {Provided by the SAO/NASA Astrophysics Data System}
}

@ARTICLE{trifonov2020,
       author = {{Trifonov}, Trifon and {Tal-Or}, Lev and {Zechmeister}, Mathias and
         {Kaminski}, Adrian and {Zucker}, Shay and {Mazeh}, Tsevi},
        title = "{A public HARPS radial velocity database corrected for systematic errors}",
      journal = {accepted \aap},
     keywords = {Astrophysics - Earth and Planetary Astrophysics, Astrophysics - Instrumentation and Methods for Astrophysics, Astrophysics - Solar and Stellar Astrophysics},
         year = "2020",
        month = "Jan",
          eid = {arXiv:2001.05942},
        pages = {arXiv:2001.05942},
archivePrefix = {arXiv},
       eprint = {2001.05942},
 primaryClass = {astro-ph.EP},
       adsurl = {https://ui.adsabs.harvard.edu/abs/2020arXiv200105942T},
      adsnote = {Provided by the SAO/NASA Astrophysics Data System}
}

@ARTICLE{tronsgaard2019,
       author = {{Tronsgaard}, Ren{\'e} and {Buchhave}, Lars A. and {Wright}, Jason T. and
         {Eastman}, Jason D. and {Blackman}, Ryan T.},
        title = "{Photon-weighted barycentric correction and its importance for precise radial velocities}",
      journal = {\mnras},
     keywords = {instrumentation: spectrographs, techniques: radial velocities, Astrophysics - Earth and Planetary Astrophysics, Astrophysics - Instrumentation and Methods for Astrophysics},
         year = "2019",
        month = "Oct",
       volume = {489},
       number = {2},
        pages = {2395-2402},
          doi = {10.1093/mnras/stz2181},
    archivePrefix = {arXiv},
       eprint = {1908.00991},
 primaryClass = {astro-ph.EP},
       adsurl = {https://ui.adsabs.harvard.edu/abs/2019MNRAS.489.2395T},
      adsnote = {Provided by the SAO/NASA Astrophysics Data System}
}

@ARTICLE{tsalmantza2012,
       author = {{Tsalmantza}, P. and {Hogg}, David W.},
        title = "{A Data-driven Model for Spectra: Finding Double Redshifts in the Sloan Digital Sky Survey}",
      journal = {\apj},
     keywords = {black hole physics, cosmology: observations, gravitational lensing: strong, methods: data analysis, methods: statistical, techniques: spectroscopic, Astrophysics - Cosmology and Nongalactic Astrophysics, Astrophysics - Instrumentation and Methods for Astrophysics},
         year = 2012,
        month = jul,
       volume = {753},
       number = {2},
          eid = {122},
        pages = {122},
          doi = {10.1088/0004-637X/753/2/122},
archivePrefix = {arXiv},
       eprint = {1201.3370},
 primaryClass = {astro-ph.CO},
       adsurl = {https://ui.adsabs.harvard.edu/abs/2012ApJ...753..122T},
      adsnote = {Provided by the SAO/NASA Astrophysics Data System}
}

@ARTICLE{wang2011,
       author = {{Wang}, Ji and {Ford}, Eric B.},
        title = "{On the eccentricity distribution of short-period single-planet systems}",
      journal = {\mnras},
     keywords = {methods: statistical, techniques: radial velocities, planets and satellites: fundamental parameters, planet-star interactions, Astrophysics - Earth and Planetary Astrophysics},
         year = "2011",
        month = "Dec",
       volume = {418},
        pages = {1822-1833},
          doi = {10.1111/j.1365-2966.2011.19600.x},
archivePrefix = {arXiv},
       eprint = {1108.1811},
 primaryClass = {astro-ph.EP},
       adsurl = {https://ui.adsabs.harvard.edu/abs/2011MNRAS.418.1822W},
      adsnote = {Provided by the SAO/NASA Astrophysics Data System}
}

@ARTICLE{wang2020,
       author = {{Wang}, Sharon Xuesong and {Wright}, Jason T. and {MacQueen}, Phillip and
         {Cochran}, William D. and {Doss}, David R. and {Gibson}, Coyne A. and
         {Schmitt}, Joseph R.},
        title = "{Calibrating Iodine Cells for Precise Radial Velocities}",
      journal = {\pasp},
     keywords = {Astrophysics - Instrumentation and Methods for Astrophysics, Astrophysics - Earth and Planetary Astrophysics, Astrophysics - Solar and Stellar Astrophysics},
         year = 2020,
        month = jan,
       volume = {132},
       number = {1007},
        pages = {014503},
          doi = {10.1088/1538-3873/ab5021},
archivePrefix = {arXiv},
       eprint = {1910.10756},
 primaryClass = {astro-ph.IM},
       adsurl = {https://ui.adsabs.harvard.edu/abs/2020PASP..132a4503W},
      adsnote = {Provided by the SAO/NASA Astrophysics Data System}
}

@misc{ wiki_pca,
   author = "{Wikipedia contributors}",
   title = "Principal component analysis --- {W}ikipedia{,} The Free Encyclopedia",
   year = "2020",
   url = "https://en.wikipedia.org/wiki/Principal_component_analysis"
 }

@ARTICLE{wilken2012,
       author = {{Wilken}, Tobias and {Curto}, Gaspare Lo and {Probst}, Rafael A. and
         {Steinmetz}, Tilo and {Manescau}, Antonio and {Pasquini}, Luca and
         {Gonz{\'a}lez Hern{\'a}ndez}, Jonay I. and {Rebolo}, Rafael and
         {H{\"a}nsch}, Theodor W. and {Udem}, Thomas and {Holzwarth}, Ronald},
        title = "{A spectrograph for exoplanet observations calibrated at the centimetre-per-second level}",
      journal = {\nat},
         year = 2012,
        month = may,
       volume = {485},
       number = {7400},
        pages = {611-614},
          doi = {10.1038/nature11092},
       adsurl = {https://ui.adsabs.harvard.edu/abs/2012Natur.485..611W},
      adsnote = {Provided by the SAO/NASA Astrophysics Data System}
}

@ARTICLE{wilson2019,
       author = {{Wilson}, Maurice L. and {Eastman}, Jason D. and
         {Cornachione}, Matthew A. and {Wang}, Sharon X. and
         {Johnson}, Samson A. and {Sliski}, David H. and
         {Schap}, William J., III and {Morton}, Timothy D. and
         {Johnson}, John Asher and {McCrady}, Nate and {Wright}, Jason T. and
         {Wittenmyer}, Robert A. and {Plavchan}, Peter and {Blake}, Cullen H. and
         {Swift}, Jonathan J. and {Bottom}, Michael and {Baker}, Ashley D. and
         {Barnes}, Stuart I. and {Berlind}, Perry and {Blackhurst}, Eric and
         {Beatty}, Thomas G. and {Bolton}, Adam S. and {Cale}, Bryson and
         {Calkins}, Michael L. and {Col{\'o}n}, Ana and {de Vera}, Jon and
         {Esquerdo}, Gilbert and {Falco}, Emilio E. and {Fortin}, Pascal and
         {Garcia-Mejia}, Juliana and {Geneser}, Claire and {Gibson}, Steven R. and
         {Grell}, Gabriel and {Groner}, Ted and {Halverson}, Samuel and
         {Hamlin}, John and {Henderson}, M. and {Horner}, J. and
         {Houghton}, Audrey and {Janssens}, Stefaan and {Jonas}, Graeme and
         {Jones}, Damien and {Kirby}, Annie and {Lawrence}, George and
         {Luebbers}, Julien Andrew and {Muirhead}, Philip S. and
         {Myles}, Justin and {Nava}, Chantanelle and
         {Rivera-Garc{\'\i}a}, Kevin O. and {Reed}, Tony and
         {Relles}, Howard M. and {Riddle}, Reed and {Robinson}, Connor and
         {Chaput de Saintonge}, Forest and {Sergi}, Anthony},
        title = "{First Radial Velocity Results From the MINiature Exoplanet Radial Velocity Array (MINERVA)}",
      journal = {\pasp},
     keywords = {Astrophysics - Instrumentation and Methods for Astrophysics, Astrophysics - Earth and Planetary Astrophysics},
         year = "2019",
        month = "Sep",
       volume = {131},
       number = {1005},
        pages = {115001},
          doi = {10.1088/1538-3873/ab33c5},
archivePrefix = {arXiv},
       eprint = {1904.09991},
 primaryClass = {astro-ph.IM},
       adsurl = {https://ui.adsabs.harvard.edu/abs/2019PASP..131k5001W},
      adsnote = {Provided by the SAO/NASA Astrophysics Data System}
}

@ARTICLE{winn2015,
   author = {{Winn}, J.~N. and {Fabrycky}, D.~C.},
    title = "{The Occurrence and Architecture of Exoplanetary Systems}",
  journal = {\araa},
  archivePrefix = "arXiv",
   eprint = {1410.4199},
  primaryClass = "astro-ph.EP",
     year = 2015,
    month = aug,
   volume = 53,
    pages = {409-447},
      doi = {10.1146/annurev-astro-082214-122246},
   adsurl = {http://adsabs.harvard.edu/abs/2015ARA%26A..53..409W},
  adsnote = {Provided by the SAO/NASA Astrophysics Data System}
}

@ARTICLE{woodbridge2020,
       author = {{Woodbridge}, Yonatan and {Elidan}, Gal and {Wiesel}, Ami},
        title = "{Normalizing Flow Regression}",
      journal = {arXiv e-prints},
     keywords = {Statistics - Machine Learning, Computer Science - Machine Learning, Electrical Engineering and Systems Science - Signal Processing},
         year = 2020,
        month = apr,
          eid = {arXiv:2004.10255},
        pages = {arXiv:2004.10255},
archivePrefix = {arXiv},
       eprint = {2004.10255},
 primaryClass = {stat.ML},
       adsurl = {https://ui.adsabs.harvard.edu/abs/2020arXiv200410255W},
      adsnote = {Provided by the SAO/NASA Astrophysics Data System}
}

@article{wright2014,
   title={Barycentric Corrections at 1 cm s-1for Precise Doppler Velocities},
   volume={126},
   ISSN={1538-3873},
   url={http://dx.doi.org/10.1086/678541},
   DOI={10.1086/678541},
   number={943},
   journal={Publications of the Astronomical Society of the Pacific},
   publisher={IOP Publishing},
   author={Wright, J. T. and Eastman, J. D.},
   year={2014},
   month={Sep},
   pages={838–852}
}


@ARTICLE{xu2019,
   author = {{Xu}, X. and {Cisewski-Kehe}, J. and {Davis}, A.~B. and {Fischer}, D.~A. and 
	{Brewer}, J.~M.},
    title = "{Modeling the Echelle Spectra Continuum with Alpha Shapes and Local Regression Fitting}",
  journal = {\aj},
archivePrefix = "arXiv",
   eprint = {1904.10065},
 primaryClass = "astro-ph.IM",
 keywords = {instrumentation: spectrographs, methods: data analysis, methods: statistical, techniques: radial velocities, techniques: spectroscopic },
     year = 2019,
    month = jun,
   volume = 157,
      eid = {243},
    pages = {243},
      doi = {10.3847/1538-3881/ab1b47},
   adsurl = {https://ui.adsabs.harvard.edu/abs/2019AJ....157..243X},
  adsnote = {Provided by the SAO/NASA Astrophysics Data System}
}

@ARTICLE{zechmeister2014,
   author = {{Zechmeister}, M. and {Anglada-Escud{\'e}}, G. and {Reiners}, A.
	},
    title = "{Flat-relative optimal extraction. A quick and efficient algorithm for stabilised spectrographs}",
  journal = {\aap},
  archivePrefix = "arXiv",
   eprint = {1311.5263},
 primaryClass = "astro-ph.IM",
 keywords = {instrumentation: spectrographs, methods: data analysis, techniques: image processing, techniques: radial velocities},
     year = 2014,
    month = jan,
   volume = 561,
      eid = {A59},
    pages = {A59},
      doi = {10.1051/0004-6361/201322746},
   adsurl = {https://ui.adsabs.harvard.edu/abs/2014A%26A...561A..59Z},
  adsnote = {Provided by the SAO/NASA Astrophysics Data System}
}